<record><leader>00000cas a22000007a 4500</leader><controlfield tag="001">16519911</controlfield><controlfield tag="008">870821d190119uupauwr ne      0    0eng d</controlfield><datafield ind1=" " ind2=" " tag="010"><subfield code="a">sn 87078496 </subfield></datafield><datafield ind1=" " ind2=" " tag="040"><subfield code="a">NPH</subfield><subfield code="b">eng</subfield><subfield code="c">NPH</subfield><subfield code="d">OCLCQ</subfield></datafield><datafield ind1=" " ind2=" " tag="042"><subfield code="a">msc</subfield></datafield><datafield ind1="0" ind2=" " tag="130"><subfield code="a">Item (Latimore, Pa.)</subfield></datafield><datafield ind1="1" ind2="4" tag="245"><subfield code="a">The item.</subfield></datafield><datafield ind1=" " ind2=" " tag="260"><subfield code="a">Latimore, Pa. :</subfield><subfield code="b">T.L. Boose &amp; Son</subfield></datafield><datafield ind1=" " ind2=" " tag="300"><subfield code="a">v. :</subfield><subfield code="b">ill. ;</subfield><subfield code="c">29 cm.</subfield></datafield><datafield ind1=" " ind2=" " tag="310"><subfield code="a">Weekly</subfield></datafield><datafield ind1="1" ind2=" " tag="362"><subfield code="a">Began in 1901.</subfield></datafield><datafield ind1=" " ind2=" " tag="588"><subfield code="a">Description based on: Vol. 1, no. 15 (Dec. 7, 1901).</subfield></datafield><datafield ind1=" " ind2=" " tag="752"><subfield code="a">United States</subfield><subfield code="b">Pennsylvania</subfield><subfield code="c">Adams</subfield><subfield code="d">Latimore.</subfield></datafield><datafield ind1="0" ind2="0" tag="780"><subfield code="t">York Springs item</subfield><subfield code="w">(DLC)sn 88080885</subfield></datafield></record>